<record xmlns='http://www.loc.gov/MARC21/slim'><leader>01703cas a2200361 a 4500</leader><controlfield tag='001'>a475296</controlfield><controlfield tag='003'>SIRSI</controlfield><controlfield tag='005'>20150321050002.0</controlfield><controlfield tag='008'>871104d19861988fluqr1p       0   a0eng d</controlfield><datafield ind1=' ' ind2=' ' tag='010'><subfield code='a'>sn 85007002</subfield></datafield><datafield ind1='0' ind2=' ' tag='022'><subfield code='a'>0884-0709</subfield></datafield><datafield ind1=' ' ind2=' ' tag='035'><subfield code='a'>(CStRLIN)CSUP87-S3234</subfield></datafield><datafield ind1=' ' ind2=' ' tag='035'><subfield code='a'>(OCoLC-M)12297952</subfield></datafield><datafield ind1=' ' ind2=' ' tag='035'><subfield code='a'>(OCoLC-I)271953902</subfield></datafield><datafield ind1=' ' ind2=' ' tag='040'><subfield code='a'>NSDP</subfield><subfield code='d'>MH</subfield><subfield code='d'>OrLoB</subfield></datafield><datafield ind1=' ' ind2=' ' tag='042'><subfield code='a'>nsdp</subfield><subfield code='a'>lcd</subfield></datafield><datafield ind1='1' ind2='0' tag='082'><subfield code='a'>418</subfield><subfield code='2'>11</subfield></datafield><datafield ind1='0' ind2=' ' tag='210'><subfield code='a'>Comput. transl.</subfield></datafield><datafield ind1=' ' ind2='0' tag='222'><subfield code='a'>Computers and translation</subfield></datafield><datafield ind1='0' ind2='0' tag='245'><subfield code='a'>Computers and translation :</subfield><subfield code='b'>CaT.</subfield></datafield><datafield ind1='1' ind2='0' tag='246'><subfield code='a'>CaT</subfield></datafield><datafield ind1=' ' ind2=' ' tag='260'><subfield code='a'>Osprey, Fla. :</subfield><subfield code='b'>Paradigm Press,</subfield><subfield code='c'>c1986-</subfield></datafield><datafield ind1=' ' ind2=' ' tag='300'><subfield code='a'>3 v. :</subfield><subfield code='b'>ill. ;</subfield><subfield code='c'>27 cm.</subfield></datafield><datafield ind1='0' ind2=' ' tag='362'><subfield code='a'>Vol. 1, no. 1 (Jan.-Mar. 1986)-Vol. 3, no. 4 (June-Aug. 1988).</subfield></datafield><datafield ind1=' ' ind2=' ' tag='500'><subfield code='a'>Title from cover.</subfield></datafield><datafield ind1=' ' ind2=' ' tag='596'><subfield code='a'>15 31</subfield></datafield><datafield ind1=' ' ind2='0' tag='650'><subfield code='a'>Computational linguistics</subfield><subfield code='x'>Periodicals.</subfield><subfield code=' '>^A1034883</subfield></datafield><datafield ind1=' ' ind2='0' tag='650'><subfield code='a'>Machine translating</subfield><subfield code='x'>Periodicals.</subfield><subfield code=' '>^A1036079</subfield></datafield><datafield ind1='0' ind2='0' tag='785'><subfield code='t'>Machine translation</subfield><subfield code='x'>0922-6567</subfield></datafield><datafield ind1='4' ind2='1' tag='956'><subfield code='u'>http://library.stanford.edu/sfx?url%5Fver=Z39.88-2004&amp;ctx%5Fver=Z39.88-2004&amp;ctx%5Fenc=info:ofi/enc:UTF-8&amp;rfr%5Fid=info:sid/sfxit.com:opac%5F856&amp;url%5Fctx%5Ffmt=info:ofi/fmt:kev:mtx:ctx&amp;sfx.ignore%5Fdate%5Fthreshold=1&amp;rft.object%5Fid=958480277093&amp;svc%5Fval%5Ffmt=info:ofi/fmt:kev:mtx:sch%5Fsvc&amp;</subfield><subfield code='x'>eLoaderURL</subfield><subfield code='x'>mr4</subfield><subfield code='x'>mr958480277093</subfield></datafield><datafield ind1=' ' ind2=' ' tag='852'><subfield code='a'>CSt</subfield><subfield code='b'>SAL3</subfield><subfield code='c'>STACKS</subfield><subfield code='t'>1</subfield></datafield><datafield ind1=' ' ind2='0' tag='866'><subfield code='8'>1</subfield><subfield code='a'>1-3, 1986-88//</subfield></datafield><datafield ind1=' ' ind2=' ' tag='999'><subfield code='a'>P307 .C6 V.1 1986</subfield><subfield code='w'>LCPER</subfield><subfield code='c'>1</subfield><subfield code='i'>36105000962774</subfield><subfield code='d'>1/14/2013</subfield><subfield code='e'>12/19/2012</subfield><subfield code='l'>STACKS</subfield><subfield code='m'>SAL3</subfield><subfield code='n'>1</subfield><subfield code='r'>Y</subfield><subfield code='s'>Y</subfield><subfield code='t'>STKS-PERI</subfield><subfield code='u'>11/4/1987</subfield><subfield code='z'>DIGI-SENT</subfield></datafield><datafield ind1=' ' ind2=' ' tag='999'><subfield code='a'>P307 .C6 V.2 1987</subfield><subfield code='w'>LCPER</subfield><subfield code='c'>1</subfield><subfield code='i'>36105000962782</subfield><subfield code='d'>1/14/2013</subfield><subfield code='e'>12/19/2012</subfield><subfield code='l'>STACKS</subfield><subfield code='m'>SAL3</subfield><subfield code='n'>1</subfield><subfield code='r'>Y</subfield><subfield code='s'>Y</subfield><subfield code='t'>STKS-PERI</subfield><subfield code='u'>11/4/1987</subfield><subfield code='z'>DIGI-SENT</subfield></datafield><datafield ind1=' ' ind2=' ' tag='999'><subfield code='a'>P307 .C6 V.3 1988-1989</subfield><subfield code='w'>LCPER</subfield><subfield code='c'>1</subfield><subfield code='i'>36105000962790</subfield><subfield code='d'>1/17/2013</subfield><subfield code='e'>12/19/2012</subfield><subfield code='l'>STACKS</subfield><subfield code='m'>SAL3</subfield><subfield code='n'>2</subfield><subfield code='r'>Y</subfield><subfield code='s'>Y</subfield><subfield code='t'>STKS-PERI</subfield><subfield code='u'>11/4/1987</subfield><subfield code='z'>DIGI-SENT</subfield></datafield></record>